@misc{ wiki:ibalist,
    author = "{Wikipedia contributors}",
    title = "List of IBA official cocktails --- {Wikipedia}{,} The Free Encyclopedia",
    year = "2018",
    howpublished = "\url{https://en.wikipedia.org/w/index.php?title=List_of_IBA_official_cocktails&oldid=875234707}",
    note = "[Online; accessed 24-February-2019]"
    }

@misc{lovdata:alkoholloven:1-3,
    author = "{Norge}",
    title = "Alkoholloven ยง1-3",
    year = "2011",
    howpublished = "\url{https://lovdata.no/lov/1989-06-02-27/ยง1-3}",
    note = "[Online; accessed 24-February-2019]"
}

@misc{youtube:barfly:stirring,
    author = "{The Educated Barfly}",
    title = "Home Bar Basics: The Mechanics of Stirring",
    year = "2018",
    howpublished = "\url{"https://www.youtube.com/watch?v=3EcrCQilay0}",
    note = "[Online; accessed 24-March-2019]"
}